<record><leader>00000cas a2200000 a 4500</leader><controlfield tag="001">12141288</controlfield><controlfield tag="008">850611d19191923ksuwr ne      0    0eng d</controlfield><datafield ind1=" " ind2=" " tag="010"><subfield code="a">sn 85030465 </subfield></datafield><datafield ind1=" " ind2=" " tag="040"><subfield code="a">KSH</subfield><subfield code="b">eng</subfield><subfield code="c">KSH</subfield><subfield code="d">NPT</subfield><subfield code="d">OCL</subfield><subfield code="d">OCLCQ</subfield></datafield><datafield ind1=" " ind2=" " tag="042"><subfield code="a">msc</subfield></datafield><datafield ind1="0" ind2=" " tag="130"><subfield code="a">Weekly guard (Council Grove, Kan. : 1919)</subfield></datafield><datafield ind1="1" ind2="4" tag="245"><subfield code="a">The weekly guard.</subfield></datafield><datafield ind1=" " ind2=" " tag="260"><subfield code="a">Council Grove, Kan. :</subfield><subfield code="b">W.B. Nix,</subfield><subfield code="c">1919-</subfield></datafield><datafield ind1=" " ind2=" " tag="300"><subfield code="a">v. :</subfield><subfield code="b">ill. ;</subfield><subfield code="c">55 cm.</subfield></datafield><datafield ind1=" " ind2=" " tag="310"><subfield code="a">Weekly</subfield></datafield><datafield ind1="0" ind2=" " tag="362"><subfield code="a">Vol. 36, no. 42 (May 9, 1919)-</subfield></datafield><datafield ind1="1" ind2=" " tag="362"><subfield code="a">Ceased with Oct. 5, 1923 issue?</subfield></datafield><datafield ind1=" " ind2=" " tag="500"><subfield code="a">Published by M.F. Amrine, July 11, 1919-</subfield></datafield><datafield ind1=" " ind2=" " tag="500"><subfield code="a">Special section with "The Dunlap Rustler" masthead included in Sept. 19-Oct. 24, 1919 issues.</subfield></datafield><datafield ind1=" " ind2=" " tag="580"><subfield code="a">Issued also in a daily edition called: Daily guard.</subfield></datafield><datafield ind1=" " ind2=" " tag="752"><subfield code="a">United States</subfield><subfield code="b">Kansas</subfield><subfield code="c">Morris</subfield><subfield code="d">Council Grove.</subfield></datafield><datafield ind1="1" ind2=" " tag="775"><subfield code="t">Daily guard</subfield><subfield code="w">(DLC)sn 85030479</subfield></datafield><datafield ind1="0" ind2="0" tag="780"><subfield code="t">Weekly guard and Dwight signal</subfield><subfield code="w">(DLC)sn 85030464</subfield></datafield><datafield ind1="0" ind2="5" tag="780"><subfield code="t">Dunlap rustler</subfield><subfield code="g">Sept. 19, 1919</subfield><subfield code="w">(DLC)sn 85030484</subfield></datafield><datafield ind1="1" ind2=" " tag="029"><subfield code="a">AU@</subfield><subfield code="b">000025833217</subfield></datafield></record>